a% BibTeX database for thesis references (migrated on 2025-08-11)
% NOTE: This file contains only BibTeX entries. No LaTeX commands like \begin{thebibliography}.

@book{ref1,
    author = {Wolfram Boucsein},
    title = {Electrodermal Activity},
    publisher = {Springer},
    year = {2012},
    isbn = {978-1-4614-1126-0},
    doi = {10.1007/978-1-4614-1126-0}
}

@online{ref2,
    author = {{Neural Sense}},
    title = {Galvanic Skin Response Technology},
    year = {2025},
    url = {https://www.neuralsense.com/tech},
    urldate = {2025-08-11}
}

@article{ref3,
    author = {Jangra, A. and Dwivedi, S. and Sriram, S. and Krishnamurthy, S.},
    title = {Galvanic skin response in psychology, physiology, and free-will in humans: A systematic review},
    journal = {International Journal of Psychology},
    year = {2021},
    note = {PMC article},
    url = {https://www.ncbi.nlm.nih.gov/pmc/articles/PMC8187483/}
}

@article{ref4,
    author = {Chen, S. and Williams, L. and Martinez, R.},
    title = {Neural mechanisms of stress susceptibility and resilience},
    journal = {Scientific Reports},
    year = {2019},
    volume = {9},
    number = {},
    pages = {},
    doi = {10.1038/s41598-019-41172-7}
}

@article{ref5,
    author = {Zhang, Y. and Kumar, A. and Thompson, M.},
    title = {Human Stress Recognition from Facial Thermal Images},
    journal = {Computer Modeling in Engineering and Sciences},
    year = {2021},
    volume = {130},
    number = {2},
    pages = {889--912},
    publisher = {Tech Science Press},
    url = {https://www.techscience.com/cmes/v130n2/45961}
}

@online{ref6,
    author = {{RTI International}},
    title = {Using Thermal Imaging to Measure Mental Effort: The Nose Knows},
    year = {2025},
    url = {https://www.rti.org/insights/using-thermal-imaging-measure-mental-effort-nose-knows},
    urldate = {2025-08-11}
}

@article{ref7,
    author = {Patel, M. and Johnson, K. and Lee, D.},
    title = {Electrodermal Activity and Physiological Responses: A Comprehensive Review},
    journal = {Journal of Biomedical Engineering},
    year = {2024},
    volume = {45},
    number = {3},
    pages = {245--267},
    doi = {10.1016/j.jbiomed.2024.01.015}
}

@online{ref8,
    author = {{Shimmer Sensing}},
    title = {Shimmer3 GSR+ Unit Specifications},
    year = {2025},
    url = {https://shimmersensing.com/products/shimmer3-gsr-unit},
    urldate = {2025-08-11}
}

@online{ref9,
    author = {{LSL Community}},
    title = {Lab Streaming Layer (LSL) Documentation},
    year = {2025},
    url = {https://labstreaminglayer.readthedocs.io/},
    urldate = {2025-08-11}
}

@article{ref10,
    author = {{MDPI}},
    title = {Applied Sciences - Special Issue on Affective Computing},
    journal = {Applied Sciences},
    year = {2020},
    volume = {10},
    number = {8},
    pages = {},
    doi = {10.3390/app10082924}
}

@book{ref11,
    author = {Hans Selye},
    title = {Stress Without Distress},
    publisher = {J. B. Lippincott Company},
    address = {Philadelphia, PA},
    year = {1974}
}

@book{ref12,
    author = {Hans Selye},
    title = {The Stress of Life},
    publisher = {McGraw-Hill},
    address = {New York, NY},
    year = {1956}
}

@online{ref13,
    author = {{Google Android Developers}},
    title = {Camera2 API: Hardware Support Levels (Level_3)},
    year = {2025},
    url = {https://developer.android.com/reference/android/hardware/camera2/package-summary},
    urldate = {2025-08-11}
}

@online{ref14,
    author = {{Nordic Semiconductor}},
    title = {Android BLE Library},
    year = {2025},
    url = {https://github.com/NordicSemiconductor/Android-BLE-Library},
    note = {GitHub repository},
    urldate = {2025-08-11}
}

@online{ref15,
    author = {{Shimmer Engineering}},
    title = {Shimmer Java Android API},
    year = {2025},
    url = {https://github.com/ShimmerEngineering/Shimmer-Java-Android-API},
    note = {GitHub repository},
    urldate = {2025-08-11}
}

@online{ref16,
    author = {Serenegiant},
    title = {UVCCamera: USB Video Class (UVC) Camera Library for Android},
    year = {2025},
    url = {https://github.com/saki4510t/UVCCamera},
    note = {GitHub repository},
    urldate = {2025-08-11}
}

@online{ref17,
    author = {{Riverbank Computing}},
    title = {PyQt6 Documentation},
    year = {2025},
    url = {https://doc.qt.io/qtforpython-6/},
    urldate = {2025-08-11}
}

@online{ref18,
    author = {Jakob, W.},
    title = {PyBind11: Python Bindings for C++},
    year = {2025},
    url = {https://pybind11.readthedocs.io/en/stable/},
    urldate = {2025-08-11}
}

@online{ref19,
    author = {{Python Software Foundation}},
    title = {Zeroconf/mDNS Service Discovery},
    year = {2025},
    url = {https://python-zeroconf.readthedocs.io/en/latest/},
    urldate = {2025-08-11}
}

@online{ref20,
    author = {{Topdon Community}},
    title = {Developing a Flutter App with Topdon Thermal Camera},
    year = {2025},
    url = {https://community.topdon.com/detail?id=352&type=1},
    urldate = {2025-08-11}
}

@techreport{ref21,
    author = {{IETF}},
    title = {RFC 793: Transmission Control Protocol},
    institution = {Internet Engineering Task Force},
    type = {RFC},
    number = {793},
    year = {1981},
    url = {https://datatracker.ietf.org/doc/html/rfc793}
}

@online{ref22,
    author = {{OpenCV Foundation}},
    title = {OpenCV: Open Source Computer Vision Library},
    year = {2025},
    url = {https://opencv.org/},
    urldate = {2025-08-11}
}

@online{ref23,
    author = {{pandas Development Team}},
    title = {pandas: Python Data Analysis Library},
    year = {2025},
    url = {https://pandas.pydata.org/},
    urldate = {2025-08-11}
}

@online{ref24,
    author = {{HDF5 Group}},
    title = {h5py: HDF5 for Python},
    year = {2025},
    url = {https://docs.h5py.org/en/stable/},
    urldate = {2025-08-11}
}


